@misc{wiki:001,
	author = {{Alpha-algoritmus}},
	title = "Alpha-algoritmus --- {W}ikipedia{,} The Free Encyclopedia",
	year = "2022",
	url = "https://en.wikipedia.org/wiki/Alpha_algorithm",
	note = "[Online, 2022-Okt√≥ber-07]"
}
